2892 4475
346 276 514 330 desnosbmtia
534 278 597 329 Fons
611 278 674 327 ubas
688 279 705 337 t,
721 280 784 329 t—i.
1066 284 1089 334 1

59 409 80 465 si
99 406 164 463 torte
181 395 311 459 acciderit
329 392 412 455 nobis
427 392 455 453 in
474 392 569 468 atiqua
587 393 783 468 quaestionum
802 398 833 454 ut
849 394 1010 457 ordinemus
1024 417 1087 459 eam

0 482 1 491 ¹
41 526 43 533 κ
59 494 203 555 secundum
215 489 337 563 reguiam
354 489 461 560 figurae
475 484 644 556 dialecticae,
661 484 717 545 boo
729 492 823 545 teman
837 486 968 548 iaciemus
979 490 1086 566 absquo

58 586 272 650 consideratione
293 580 481 641 ordinationis
501 579 684 639 terminorum
704 581 733 640 in
751 582 1002 657 propositionibus,
1020 586 1086 660 quia

58 678 236 741 consideratio
255 672 417 733 huiusmodi
436 671 563 730 deuteret
580 672 618 729 ab
636 672 757 746 incepto.

135 772 166 834 u.
200 770 258 829 iarn
285 766 358 827 nosti
388 783 484 827 meum
514 764 639 825 studium
667 764 742 826 circa
762 770 849 827 artem
868 768 1041 842 probationis
1057 774 1102 831 ets

59 886 144 927 meum
163 862 330 923 desiderium
347 862 421 921 circa
439 860 516 919 iilam
535 878 553 919 a
571 860 655 933 longo
674 864 812 936 temporeg
830 863 880 921 sed
897 862 964 937 quia
972 864 1084 925 inuenio

59 964 83 1019 in
101 960 191 1018 anima
208 973 271 1016 mea
289 956 394 1015 multas
412 953 617 1030 inquisitiones,
634 970 735 1013 uereor
748 955 823 1029 quod
836 956 966 1030 probatio
975 958 1085 1019 deiiciat

59 1056 121 1114 mihi
140 1054 175 1112 ad
192 1048 483 1127 comprehendendam
504 1047 649 1109 ueritatem
668 1048 795 1109 ominum
810 1050 927 1109 iitarum.
978 1048 982 1057 '

136 1146 168 1209 ii.
188 1146 317 1206 Canens
335 1149 418 1220 putes
436 1142 514 1217 quod
533 1142 627 1217 aliqua
646 1141 948 1219 eitesquaeetionibua
959 1144 1084 1205 adonius
1158 1197 1161 1205 Δ

28 1312 29 1315 ¹
57 1241 241 1299 certitudinem
260 1238 416 1297 taciendam
436 1238 568 1311 probatio
585 1238 764 1307 tibideticiat,
784 1238 1111 1312 postquampianeders

57 1333 125 1395 deris
143 1330 193 1393 arti
217 1330 323 1408 logicae
341 1330 385 1391 ius
403 1346 486 1391 suum
505 1333 533 1393 et
551 1346 608 1391 uon
627 1328 787 1391 teatinesad
802 1328 979 1392 iudicandum
990 1330 1026 1391 dc
1040 1348 1083 1392 rc·

57 1430 105 1486 trus
121 1429 218 1486 subito.
601 1468 604 1473 ,

134 1522 164 1582 ii.
179 1520 306 1581 Certiiica
326 1519 394 1581 mihi
413 1518 468 1579 hoc
479 1518 658 1594 probatione,
677 1518 874 1595 quicmuitum
884 1519 1065 1580 consolidabo

56 1616 80 1673 in
99 1614 150 1673 itia.
1001 1638 1005 1654 ¹

29 1702 46 1759 ,'
107 1708 173 1779 ,1,
200 1709 278 1783 Opus
300 1714 343 1767 est
366 1712 395 1768 ut
420 1707 572 1767 distribuas
597 1724 642 1766 res
664 1707 692 1766 in
715 1706 787 1766 duos
804 1707 918 1777 modos,
947 1707 1107 1781 quorimo

39 1820 145 1873 ¹cerrum
163 1802 230 1861 atias
249 1786 381 1877 possibile
398 1806 442 1860 est
467 1802 575 1860 bomini
594 1801 676 1871 scira,
699 1818 735 1859 eo
752 1801 855 1860 sedicet
876 1802 952 1875 quod
976 1800 1080 1859 cadunt

54 1894 102 1951 sub
120 1894 295 1967 intettigentia
319 1894 455 1965 bumana,
477 1894 547 1953 aiias
565 1911 624 1952 non
642 1897 685 1953 est
696 1893 828 1968 possibile
837 1892 943 1952 homini
954 1894 1077 1963 coiraco

54 1986 150 2045 sciticet
158 1986 232 2060 quod
246 1988 383 2046 excedunt
392 1988 600 2061 intelligentiam
611 1986 678 2045 eius.
715 1990 887 2061 quaeautem
895 1986 1025 2059 possibita
1034 1990 1077 2043 est

54 2076 153 2137 homini
171 2078 251 2151 sciro,
274 2084 323 2140 aut
347 2078 393 2141 iiia
411 2096 526 2140 neccsse
544 2084 588 2149 cet
611 2084 643 2139 ut
659 2077 715 2139 sint
738 2094 788 2153 por
803 2095 834 2138 sc
850 2080 930 2148 nota,
945 2082 993 2137 aut
1010 2093 1074 2138 non.

54 2188 120 2246 quac
138 2178 229 2234 autem
248 2191 298 2250 per
310 2192 353 2233 .sa
372 2180 440 2236 nota
459 2179 537 2248 sunt,
556 2190 614 2233 non
632 2179 676 2233 est
693 2190 806 2233 omaso
829 2172 866 2231 sd
883 2170 1024 2231 munuum
1041 2188 1102 2231 ean

56 2269 227 2336 probationes
246 2269 388 2338 inducere;
418 2286 492 2342 quae
513 2287 581 2328 uero
606 2286 657 2343 per
674 2271 792 2327 concta
818 2284 876 2326 nun
894 2266 1004 2335 tuerint,
1028 2267 1075 2324 tiet

55 2359 170 2432 cognitio
195 2379 290 2420 eonrm
318 2363 459 2422 nreoiante
476 2361 655 2438 probatione,
681 2367 709 2420 et
727 2360 880 2420 secundum
905 2359 1073 2432 diligentiam

54 2453 217 2513 obseruandi
236 2457 346 2529 regulas
371 2457 558 2532 probationis,
582 2457 611 2518 id
631 2462 674 2516 est
692 2457 801 2530 reguias
822 2453 979 2514 dialecticae
996 2452 1072 2523 artis,

54 2547 201 2617 perficietur
215 2550 351 2609 certitudo
370 2549 565 2625 inquisitionis.

21 2639 43 2708 i.
130 2641 161 2701 u.
179 2641 294 2702 diuitum
313 2643 471 2704 satisfecisti
490 2644 559 2704 mibi
577 2661 627 2720 per
644 2644 717 2704 banc
734 2642 883 2702 dictionem
901 2644 929 2699 et
942 2637 1099 2698 animasti⁶

53 2749 93 2790 ma
117 2735 150 2792 ad
177 2737 317 2796 scientiam
345 2739 528 2813 probationis.
565 2738 622 2797 sed
637 2737 741 2797 amodo
769 2735 834 2794 uoto
855 2733 1022 2805 interrogare
1043 2737 1071 2790 te

52 2825 84 2882 de
102 2829 334 2902 inquisitionibus,
353 2849 427 2906 quae
445 2833 548 2892 scilicet
563 2832 652 2904 magis
670 2829 842 2890 necandae
858 2826 1066 2896 maideotur,

51 2926 179 2993 conrepta
196 2923 298 2982 fiducia
316 2925 505 2998 interrogandi
525 2943 559 2984 ex
576 2923 747 2998 benignitate
764 2922 804 2981 tui
821 2920 913 2980 animi

128 3013 161 3074 1.
179 3015 319 3090 Interroga
327 3018 362 3077 ds
376 3019 590 3093 quibuscunque
601 3017 732 3089 uolueris,
745 3009 1069 3089 quiabenignuserotibi
1156 3084 1158 3087 Ι

129 3105 158 3168 u.
177 3107 260 3178 Quid
284 3113 336 3169 est
360 3127 452 3184 ergo,
476 3110 565 3186 quod
589 3110 688 3170 debet
712 3108 810 3168 bomo
845 3104 1009 3180 inquirere
1037 3101 1098 3159 ine·

50 3192 106 3254 hac
128 3198 213 3258 uita?
327 3239 331 3250 ·

131 3343 272 3409 taccidsrit]
295 3347 343 3397 acci
367 3348 403 3410 (ts
424 3356 526 3398 extrema
541 3349 621 3408 aerea)
634 3346 661 3394 N
715 3343 868 3396 emadan
882 3339 986 3390 oasim
999 3341 1068 3386 are

50 3415 157 3475 sumre
210 3423 428 3489 bdiscipitnsmuat
438 3430 546 3478 snaed
603 3423 755 3478 idsitcistii
808 3411 1070 3472 suunmmouuc

48 3492 246 3556 turumuonnn
288 3506 313 3554 tl
330 3503 494 3556 uidendamd
541 3506 568 3556 18
583 3512 628 3557 noc
637 3491 1070 3562 mturamnrumrmssuoesnv

49 3574 283 3630 consolsberddib'
339 3583 549 3636 lbdeatribuasd
610 3582 735 3635 ronan
787 3575 983 3642 qnodsetliess
1042 3569 1068 3620 Π

50 3647 302 3718 romnmnuuc
358 3663 511 3714 mnmr
571 3656 873 3722 summumque
925 3647 1071 3704 aarum

50 3727 180 3788 liureio
246 3744 339 3791 arom
353 3743 430 3802 aas
444 3741 536 3794 contat
550 3740 696 3806 pomnen
763 3730 1068 3787 summissu-assues

49 3809 380 3874 ωιιωωμιοισ
416 3820 587 3871 manau
654 3813 854 3878 nunnae
911 3803 1068 3870 ssew·
1135 3805 1139 3813 '

50 3880 120 3934 nur
148 3965 151 3975 Ι
175 3891 542 3982 ϋηιιῐωιριιωῃιικ,ῃιὴι
565 3896 733 3950 auratus
790 3889 920 4020 neuter
938 3881 1069 3950 mun
