2892 4475
472 228 536 283 Fons
550 228 614 283 allae
628 229 648 293 1.
662 230 728 284 t-ti.
1061 241 1087 291 ῃ

63 369 112 429 hoc
120 368 171 425 cst:
188 350 407 429 contemplari
419 350 524 411 scilicet
536 348 714 409 essentium
730 354 942 415 substantiae
957 354 1087 417 animae

64 468 90 521 st
107 459 189 517 uires
206 454 275 512 eius
292 455 327 507 et
345 444 531 505 accidentia
548 444 611 503 eius
622 446 1086 521 etqnlcquiclconqruiietacilrae·

64 556 99 611 ret
111 551 143 618 ei,
160 546 224 621 quia
241 544 302 617 ipsa
317 540 425 598 anima
438 538 565 595 sublecta
580 540 623 595 est
630 538 763 596 scientiae
773 544 802 597 et
812 539 873 612 ipsa
883 544 1085 600 mtassoeutrtx

65 642 179 704 omnium
198 652 289 697 rerum
314 632 421 693 uiribus
446 630 505 690 suis
523 646 597 705 quae
622 635 771 706 penetrant
788 634 890 693 omnia
925 638 953 691 et
970 634 994 693 si
1010 638 1041 693 tu
1060 635 1088 694 tn

64 738 113 794 troc
130 728 281 804 insperlsli;
312 726 355 784 sin
374 728 479 793 autem,
496 723 552 782 boc
570 724 606 781 rit
623 724 733 783 initium
751 730 817 783 tuae
834 728 1037 799 speculationis.
1093 758 1105 795 ι

142 824 174 884 ll.
192 822 255 881 turo
272 818 339 893 quia
357 816 412 876 iarn
433 816 481 875 diu
500 820 551 887 est,
569 816 647 890 quod
660 816 766 874 intendi
777 816 805 874 in
823 818 965 876 scientiam
980 819 1090 879 animae

65 924 90 978 ei
107 919 132 975 in
151 914 277 973 subtilem
296 911 356 969 eius
374 908 595 982 inquisitionem,
613 913 641 965 et
660 908 724 966 inde
738 915 902 968 consecutus
920 928 982 969 sum
999 912 1088 971 seien-
1142 923 1145 930 ⁴

62 1012 122 1068 tiam
140 1024 194 1081 qus
211 1003 330 1077 ccpnoui
349 1000 409 1058 eius
428 1000 613 1069 nobilitatem,
632 1001 846 1073 perpetuitatem
864 1007 893 1060 et
908 1003 1086 1061 subtilitatem

62 1104 117 1163 eius
133 1100 167 1161 erl
186 1094 479 1174 comprehendentium
498 1092 595 1156 omnia
613 1094 642 1154 in
662 1096 770 1155 tentum
789 1095 878 1171 quod,
895 1112 959 1157 cum
978 1098 1086 1157 oileum

60 1197 113 1252 eius
133 1192 312 1250 substnntiam
337 1188 523 1247 sustinentem
558 1188 667 1258 omnia,
690 1190 777 1247 miror
800 1191 824 1247 sl
849 1207 906 1261 quo
927 1191 1012 1248 morlo
1033 1192 1114 1255 boc..

58 1304 114 1345 esse
130 1284 222 1359 possit.

138 1378 172 1441 ll.
190 1375 309 1438 Attente
326 1374 349 1436 si
368 1377 418 1436 tus
436 1375 557 1434 essentia
576 1374 701 1435 continet
719 1374 814 1435 ornnia
833 1392 1015 1451 quaecunque
1032 1373 1086 1435 scis
1119 1442 1122 1447 ,

61 1475 93 1533 de
109 1474 152 1533 lris
176 1490 247 1547 quoe
264 1473 342 1540 suut,
366 1472 394 1529 et
412 1468 435 1527 si
465 1485 499 1529 ec
523 1484 597 1545 quae
615 1470 670 1527 scis
688 1470 745 1529 tina
762 1474 828 1528 sunt
856 1468 884 1527 ln
902 1475 949 1528 tua
966 1471 1086 1529 urentia
1190 1517 1193 1523 .

57 1564 250 1639 aliquomodo.
1148 1625 1150 1628 ,
1191 1578 1196 1586 ’

135 1657 167 1717 ll.
183 1654 324 1729 Numquid
341 1670 399 1713 non
426 1654 486 1713 scio
504 1654 591 1724 istud,
608 1671 672 1713 curn
700 1670 753 1728 eqo
777 1654 888 1713 uideam
906 1671 951 1714 me
967 1654 1113 1714 circum-n

59 1750 175 1807 rictorem
188 1749 271 1806 totius
289 1748 392 1806 saeculi
407 1751 435 1805 et
446 1748 709 1820 comprehensorem
724 1748 785 1805 eius
795 1748 917 1807 uelocius
934 1748 989 1806 ictu
1002 1748 1082 1817 ocull,

57 1844 82 1897 et
98 1838 149 1898 hoc
173 1856 228 1899 non
247 1854 358 1915 possem
389 1838 441 1897 nisi
460 1840 583 1897 munna
608 1840 719 1897 animae
737 1844 811 1898 esset
828 1840 937 1897 subtilis
960 1844 988 1897 et
1006 1840 1083 1897 tortis

56 1936 81 1990 ot
97 1937 240 2005 penetrans
258 1933 353 1991 omnia
372 1936 400 1991 et
418 1932 604 2008 perceptibilis
622 1933 768 1992 omniunt

133 2025 167 2084 ll.
184 2026 213 2083 Sl
232 2030 261 2083 tu
283 2026 355 2084 bene
373 2026 447 2085 nosti
470 2026 664 2085 certitudinem
683 2028 821 2085 essentiae
839 2027 949 2084 animae
965 2032 994 2084 et
1010 2026 1080 2083 ima·

56 2119 149 2191 pinanti
166 2120 224 2179 eius
249 2120 529 2193 comprehensionem
555 2120 629 2180 cirea
652 2122 760 2192 onmia,
786 2121 876 2195 incipe
896 2120 1019 2179 diuidere
1046 2135 1107 2177 ea·

56 2230 123 2285 quae
146 2210 209 2274 s'unt
232 2218 260 2272 et
277 2215 386 2274 resolue
410 2216 568 2289 composite
592 2232 690 2275 eorum
715 2216 743 2275 ln
767 2232 819 2275 sua
842 2214 990 2288 simplicia,
1007 2224 1095 2287 quae·

55 2310 115 2360 sunt
131 2305 231 2362 scilicet
248 2307 365 2364 materia
383 2310 411 2364 et
429 2307 528 2364 torma.
636 2371 640 2381 ,

136 2396 167 2457 ll.
186 2396 243 2456 lurn
265 2398 384 2472 cognoui
409 2399 445 2457 de
473 2400 569 2460 anime
590 2399 668 2475 quod
686 2399 756 2459 eolre
780 2397 848 2458 mibi
874 2398 1003 2472 possibile
1020 2398 1078 2467 luit,

33 2498 39 2512 ·
57 2488 104 2548 ent
122 2505 176 2546 non
194 2492 366 2563 peruenerim
386 2491 424 2550 ad
442 2496 597 2550 extremum
616 2493 676 2550 eius
698 2493 775 2567 quod
798 2491 834 2548 (le
849 2508 884 2549 ee
900 2490 971 2548 scire
986 2489 1076 2547 debui.

54 2577 208 2652 incipiamus
225 2586 318 2642 umen
337 2599 413 2643 nunc
432 2584 570 2658 inquirere
588 2585 624 2644 do
641 2584 760 2644 materia
777 2579 925 2642 uniuersali
942 2585 971 2640 et
988 2583 1103 2641 tonnas

56 2671 203 2732 uniuersali.
239 2675 288 2733 sed
306 2675 372 2735 uolo
392 2681 422 2734 ut
441 2677 559 2751 incipias
577 2681 643 2736 ante
661 2692 824 2736 enumerare
841 2675 960 2748 capitula
970 2691 1075 2745 eorum,

54 2762 150 2820 scilicet
167 2781 238 2837 quae
256 2767 391 2827 debemus
420 2769 558 2842 speculari
585 2769 613 2828 ln
632 2769 696 2840 illle,
719 2770 755 2826 rte
773 2768 826 2826 lrac
844 2767 968 2825 uidelicet
986 2763 1074 2837 inqui·

55 2851 151 2912 sitiono'
174 2855 202 2914 in
225 2857 303 2917 euius
328 2857 376 2918 uia
401 2877 512 2934 sumus,
544 2867 572 2921 et
595 2861 707 2921 dlnldas
732 2863 864 2920 tractatus
892 2853 1074 2932 inquisitionis

53 2943 152 3005 illorum
171 2948 307 3010 diuisione
325 2953 493 3026 rationabili,
512 2960 544 3015 ut
561 2956 598 3015 ml
617 2971 733 3015 mauron
752 2953 869 3012 habeam
888 2949 989 3009 omnia

128 3085 392 3151 turnucum
446 3095 588 3146 tlsubltati
642 3094 772 3145 sstcml
824 3089 971 3142 momen
1016 3087 1070 3137 tin

51 3163 123 3212 mr
185 3167 418 3233 cunonem
443 3183 500 3237 poe
521 3175 641 3238 lmpexbu
663 3174 900 3227 numinum:
923 3167 1072 3229 monn-rc

50 3239 433 3313 Gmmm⁰²“fflstfl·l·i·tl⁶0
489 3255 716 3312 sturminium
732 3247 1070 3310 almumqidsr'euifiret

50 3320 215 3374 liminium
270 3329 450 3384 clamemur.
506 3331 666 3394 tintantcnr]
681 3325 936 3386 iteramntorertnc
989 3323 1069 3372 lisois

50 3395 255 3456 tolmanno
319 3410 367 3458 nn
382 3410 471 3460 cun
529 3412 558 3461 ro
574 3427 638 3461 nune
652 3411 708 3474 qun
722 3411 751 3458 n
804 3406 894 3456 runc
958 3402 1068 3462 mmu-

50 3477 137 3522 ¹¹¹an
189 3482 405 3543 ⁸8⁰i0iN.ch
459 3489 592 3539 memo
647 3483 890 3538 limitassell
952 3479 1071 3528 animat·

52 3551 75 3594 ¹²¹
88 3555 276 3611 *fliium
336 3566 366 3614 w
379 3569 613 3630 comprehensionem
628 3568 679 3618 elus
694 3567 714 3615 c·
781 3563 810 3613 tl
823 3557 977 3624 maudut
989 3569 1067 3618 perue-

50 3628 108 3677 t¹¹¹¹¹
123 3631 149 3689 ⁰·
163 3643 291 3696 uncum
305 3642 336 3690 u
391 3647 421 3695 ro
434 3647 576 3709 lnetplamm
590 3654 669 3696 umen
684 3639 859 3704 incipiensque
914 3637 979 3685 nu
994 3637 1068 3684 nr·-

50 3704 74 3752 Ν
124 3711 320 3776 ”trituretur
412 3723 485 3774 usn
541 3721 787 3787 nemin-nunc
839 3714 967 3766 nerins
991 3713 1070 3761 mc·

49 3783 135 3836 eluro·
185 3793 336 3847 morenos
392 3804 421 3852 ao
435 3805 540 3866 ruomn]
568 3820 648 3854 mn
663 3803 691 3852 n·
745 3785 858 3860 monn]
873 3793 1028 3860 mnne-lc·
