2892 4475
417 328 481 379 rana
495 328 560 379 uitas
573 327 604 387 n
620 328 711 379 ib-ti.
1027 336 1057 384 aa

135 456 167 517 1.
201 450 260 509 noe
277 446 360 507 etiam
379 444 428 503 ssat
444 442 495 503 tibi
514 442 692 503 manifestum
710 444 766 504 atio
784 446 886 515 modos
903 451 931 506 at
948 453 989 508 est
1006 449 1074 509 basa

65 550 135 612 dictio
151 549 249 605 nostra.
303 538 401 599 Omnis
420 538 510 597 ianua
528 536 566 596 ad
588 536 798 598 subsistentiam
823 556 904 600 suam
929 559 1000 615 opus
1023 544 1074 603 ba·

65 650 103 707 bat
118 640 224 702 materia
242 651 314 711 quaa
332 633 451 693 sustinet
468 648 541 691 sam.
595 636 624 691 et
652 633 720 707 quia
749 636 890 708 quantitas
916 635 1006 696 tonna
1031 644 1075 700 est

64 734 225 801 substantias,
253 734 281 790 at
298 746 364 803 pars
388 726 553 801 quantitatis
578 727 721 800 quantitas
739 732 796 790 est:
824 746 937 789 necasm
969 730 1021 790 iuit
1044 737 1073 791 ut

64 833 135 891 stiam
153 844 212 901 pam
230 824 288 881 eius
307 822 343 879 sit
361 820 453 879 tonna
479 819 663 879 mbstantiae.
717 820 750 878 ut
771 838 910 895 ponamus
927 832 1092 896 asponam-⁸
1166 845 1170 853 ·

65 924 179 984 tationem
198 918 250 976 boe
267 913 352 973 modo
375 914 404 971 in
428 912 491 972 boe.
544 912 636 971 Minor
654 930 720 986 pars
738 915 900 989 quantitatis
916 920 958 974 est
977 917 1072 975 tamna

64 1014 184 1075 sonnis
201 1012 288 1069 ionna
306 1006 343 1066 ad
361 1005 536 1065 existentiam
555 1022 636 1065 suam
655 1010 719 1079 eqet
735 1006 853 1067 matsn‘a
869 1026 942 1082 quae
958 1011 1074 1067 sustinet
1194 1053 1198 1057 Α

64 1126 123 1167 eam.
188 1120 251 1177 erqo
270 1100 360 1161 asinar
378 1116 445 1174 pars
463 1099 627 1173 quantitatis
645 1103 709 1173 egat
725 1100 841 1161 materia
862 1119 936 1175 quas
959 1102 1074 1161 sustinet

65 1218 125 1259 asan
142 1230 175 1243 -
192 1200 256 1255 item
287 1196 341 1253 boe
369 1194 465 1252 mma.
536 1193 638 1253 Forma
677 1195 705 1252 in
725 1196 912 1254 non-materia
941 1212 998 1253 non
1031 1200 1072 1253 ast

62 1291 190 1353 saastbitis.
257 1286 306 1348 sad
336 1286 429 1347 minor
459 1304 524 1362 pars
554 1286 718 1363 quantitatis
746 1291 790 1347 est
822 1288 911 1348 iotam
929 1287 1102 1348 ambian

62 1405 119 1459 erqo
143 1385 228 1443 minor
245 1400 310 1456 pars
327 1380 492 1457 quantitatis
510 1398 568 1440 non
586 1386 630 1440 sst
646 1382 766 1441 existam
785 1382 813 1439 in
836 1381 1069 1440 noa-materia-

61 1482 118 1538 item
143 1481 193 1537 boc
217 1476 308 1536 tasnato.
380 1475 487 1535 Sinon
513 1474 595 1535 tuerit
620 1477 710 1535 ionna
729 1476 881 1535 subsistens
903 1476 930 1535 tn
948 1477 1071 1546 nussia

61 1590 109 1631 non
125 1570 257 1630 senbetun
326 1568 376 1629 aad
395 1569 485 1629 torma
503 1568 619 1629 nunonis
648 1570 735 1645 pariis
760 1568 923 1645 quantitatis
947 1570 1071 1629 sentitur.

60 1684 117 1739 espa
133 1670 172 1723 est
187 1665 339 1723 subsistens
358 1662 386 1723 in
404 1664 529 1725 materia

131 1758 162 1817 lt.
195 1759 250 1815 tam
271 1758 445 1815 manifestum
473 1762 517 1817 ast
544 1758 611 1817 mibi
637 1757 860 1817 manifestatione
883 1762 979 1832 aperta
1006 1756 1099 1830 quin·

60 1868 116 1923 pars
144 1868 223 1925 quam
252 1852 450 1925 proposuimus
480 1868 515 1910 ex
532 1848 533 1851 ’
548 1851 675 1925 partibus
703 1852 866 1927 quantitatis
900 1850 1071 1910 substantiae

60 1944 143 2002 mundi
160 1960 213 2003 non
232 1948 402 2018 potestesse
421 1946 506 2004 utsii
524 1946 645 2004 existens
664 1944 692 2004 in
718 1946 920 2004 aon-nutarit

132 2036 165 2095 u.
199 2037 259 2095 Non
277 2042 320 2095 est
338 2036 494 2097 diffamatia
513 2038 586 2097 tntea
604 2042 711 2112 partam
730 2055 814 2113 quam
825 2037 1019 2113 proposuimus
1036 2052 1072 2094 sa

38 2170 41 2177 .
59 2128 170 2199 partibus
189 2130 348 2202 quantitatis
366 2132 542 2191 substantiae
560 2132 657 2191 mundi
676 2136 704 2190 et
721 2135 826 2190 eateras
842 2130 872 2188 in
888 2129 994 2202 mendo
1011 2145 1072 2187 ma·

59 2220 118 2276 tan'a
134 2237 201 2292 quae
217 2237 264 2279 eas
281 2220 424 2282 sustineat
1073 2241 1097 2275 a·

132 2313 162 2371 li.
195 2313 305 2374 Sieeat
990 2315 995 2326 ‘

131 2403 164 2462 lt.
197 2404 267 2477 erqo
285 2423 399 2466 neeesse
417 2410 460 2465 est
478 2411 509 2466 ut
527 2424 747 2482 unaquaeque
768 2407 908 2481 partium
933 2405 1068 2479 quanti·

61 2494 128 2552 tatis
144 2497 310 2557 substantiae
329 2499 425 2558 mundi
444 2500 616 2561 subsistat
634 2501 667 2560 in
686 2500 834 2560 materia

131 2587 162 2646 ii.
195 2589 311 2650 Necesse
328 2595 370 2650 est
387 2591 449 2652 bae

131 2679 161 2738 tt.
197 2681 229 2739 nt
258 2689 410 2758 postquam
443 2703 542 2746 omnes
576 2691 669 2761 partes
701 2684 864 2760 quantitatis
899 2681 1095 2740 eumanum

61 2771 146 2829 mundi
163 2779 225 2833 sunt
242 2776 345 2836 similes
362 2777 390 2836 in
410 2782 511 2839 natura
528 2785 556 2838 et
574 2780 702 2851 essentia,
731 2794 842 2837 neeesse
858 2781 901 2836 eat
917 2793 952 2834 aa
969 2775 1022 2832 boe
1038 2778 1068 2831 ut

60 2867 195 2926 essentia
212 2869 423 2931 substantiae
446 2873 492 2932 sit
510 2873 622 2933 intusa
651 2873 682 2932 in
706 2871 882 2944 ,totalitate
905 2867 1068 2927 essentias

60 2957 254 3026 quantitatis.

131 3050 162 3110 b.
195 3054 293 3114 ltaest
311 3073 431 3118 neeesse
504 3059 553 3118 ssd
572 3059 683 3118 diffluis
698 3061 742 3116 ast
758 3055 905 3127 intettiqeaa
922 3051 998 3126 quod
1014 3067 1068 3108 as·
1157 3063 1160 3068 ’
1288 3046 1291 3053 ’

60 3141 154 3200 sentia
171 3145 376 3209 substantiae
394 3151 438 3209 sit
457 3169 523 3212 una
539 3151 713 3221 continua,
743 3148 920 3208 existentibus
945 3143 1095 3218 pluribus·

60 3281 379 3308 *m—

133 3347 456 3409 lauscitam-tu
512 3347 1067 3407 summasunmmmastatu·

60 3415 149 3468 uait
200 3426 390 3482 ansam-nu
445 3433 622 3498 quupquuo
676 3427 845 3482 sammaa
897 3422 1065 3484 sautum

60 3493 105 3546 tta
119 3499 159 3550 aa
173 3517 214 3553 m
229 3507 255 3553 n
307 3509 475 3562 ammones
536 3510 805 3562 subsannamus
863 3507 888 3555 u
905 3495 1067 3560 masam]

60 3579 178 3632 ansae
229 3585 457 3652 tenemusne
512 3591 683 3656 nmttnns
742 3583 930 3651 tanus-eo
983 3579 1067 3629 tou·

60 3654 383 3727 *isaiam-anum
456 3660 674 3734 qutalqsotc'
717 3665 842 3728 aequm
914 3661 1068 3710 mutant

60 3733 380 3796 “ibana-unm
450 3751 557 3801 usin
626 3743 793 3809 anapesto
857 3731 1070 3790 annuns
1180 3737 1183 3740 ·

58 3805 205 3868 auo-ao
271 3823 471 3877 otnanmn
541 3819 823 3878 mmm-tu
882 3811 1067 3866 wama

60 3891 122 3936 ’Μ
174 3895 583 3967 ”maturabamus
